<?xml version="1.0" encoding="UTF-8"?><marcxml:collection xmlns:marcxml="http://www.loc.gov/MARC21/slim">
  <marcxml:record>
    <marcxml:leader>01025cam a2200277Ia 4500</marcxml:leader>
    <marcxml:controlfield tag="001">370589</marcxml:controlfield>
    <marcxml:controlfield tag="003">NBYdb</marcxml:controlfield>
    <marcxml:controlfield tag="005">20080115002728.0</marcxml:controlfield>
    <marcxml:controlfield tag="008">870818t18941887miu           000 0 eng d</marcxml:controlfield>
    <marcxml:datafield tag="035" ind1=" " ind2=" ">
      <marcxml:subfield code="a">(OCoLC)ocm16504428</marcxml:subfield>
    </marcxml:datafield>
    <marcxml:datafield tag="035" ind1=" " ind2=" ">
      <marcxml:subfield code="a">(NBYdb)370589</marcxml:subfield>
    </marcxml:datafield>
    <marcxml:datafield tag="040" ind1=" " ind2=" ">
      <marcxml:subfield code="a">EEX</marcxml:subfield>
      <marcxml:subfield code="c">EEX</marcxml:subfield>
      <marcxml:subfield code="d">IBV</marcxml:subfield>
    </marcxml:datafield>
    <marcxml:datafield tag="090" ind1=" " ind2=" ">
      <marcxml:subfield code="a">HG527</marcxml:subfield>
      <marcxml:subfield code="b">.E55 1894</marcxml:subfield>
    </marcxml:datafield>
    <marcxml:datafield tag="049" ind1=" " ind2=" ">
      <marcxml:subfield code="a">IBVA</marcxml:subfield>
      <marcxml:subfield code="l">bklr</marcxml:subfield>
    </marcxml:datafield>
    <marcxml:datafield tag="100" ind1="1" ind2=" ">
      <marcxml:subfield code="a">Emery, Sarah E. Van De Vort,</marcxml:subfield>
      <marcxml:subfield code="d">1838-1895.</marcxml:subfield>
    </marcxml:datafield>
    <marcxml:datafield tag="245" ind1="1" ind2="0">
      <marcxml:subfield code="a">Seven financial conspiracies which have enslaved the American people /</marcxml:subfield>
      <marcxml:subfield code="c">by Sarah E.V. Emery.</marcxml:subfield>
    </marcxml:datafield>
    <marcxml:datafield tag="250" ind1=" " ind2=" ">
      <marcxml:subfield code="a">[Rev. ed.]</marcxml:subfield>
    </marcxml:datafield>
    <marcxml:datafield tag="260" ind1=" " ind2=" ">
      <marcxml:subfield code="a">Lansing, Mich. :</marcxml:subfield>
      <marcxml:subfield code="b">R. Smith &amp; Co.,</marcxml:subfield>
      <marcxml:subfield code="c">1894, c1887.</marcxml:subfield>
    </marcxml:datafield>
    <marcxml:datafield tag="300" ind1=" " ind2=" ">
      <marcxml:subfield code="a">112 p. ;</marcxml:subfield>
      <marcxml:subfield code="c">15 cm.</marcxml:subfield>
    </marcxml:datafield>
    <marcxml:datafield tag="490" ind1="0" ind2=" ">
      <marcxml:subfield code="a">American series ;</marcxml:subfield>
      <marcxml:subfield code="v">no. 1</marcxml:subfield>
    </marcxml:datafield>
    <marcxml:datafield tag="505" ind1="0" ind2=" ">
      <marcxml:subfield code="a">The civil war preliminary to an infamous plot.--The exception clause.--The banking system.--Contraction.--The credit-strengthening act.--Refunding.--Demonetization of silver.--Resumption.--Conclusion.--Sherman versus Emery.</marcxml:subfield>
    </marcxml:datafield>
    <marcxml:datafield tag="650" ind1=" " ind2="0">
      <marcxml:subfield code="a">Silver question.</marcxml:subfield>
    </marcxml:datafield>
    <marcxml:datafield tag="946" ind1=" " ind2=" ">
      <marcxml:subfield code="a">OCLC RECON PROJECT</marcxml:subfield>
      <marcxml:subfield code="a">rc2817</marcxml:subfield>
    </marcxml:datafield>
    <marcxml:datafield tag="910" ind1=" " ind2=" ">
      <marcxml:subfield code="a">142847</marcxml:subfield>
    </marcxml:datafield>
    <marcxml:datafield tag="994" ind1=" " ind2=" ">
      <marcxml:subfield code="a">02</marcxml:subfield>
      <marcxml:subfield code="b">IBV</marcxml:subfield>
    </marcxml:datafield>
    <marcxml:datafield tag="947" ind1=" " ind2=" ">
      <marcxml:subfield code="a">MARS</marcxml:subfield>
      <marcxml:subfield code="a">20071227</marcxml:subfield>
    </marcxml:datafield>
  </marcxml:record>
  <marcxml:record>
    <marcxml:leader>00697cx  a22001091  4500</marcxml:leader>
    <marcxml:controlfield tag="001">377291</marcxml:controlfield>
    <marcxml:controlfield tag="003">NBYdb</marcxml:controlfield>
    <marcxml:controlfield tag="004">370589</marcxml:controlfield>
    <marcxml:controlfield tag="005">20150501221044.0</marcxml:controlfield>
    <marcxml:controlfield tag="008">0506220u||||8|||4001uu|||0000000</marcxml:controlfield>
    <marcxml:datafield tag="852" ind1="7" ind2=" ">
      <marcxml:subfield code="b">gen</marcxml:subfield>
      <marcxml:subfield code="h">H</marcxml:subfield>
      <marcxml:subfield code="i">75</marcxml:subfield>
      <marcxml:subfield code="i">.26</marcxml:subfield>
      <marcxml:subfield code="t">1</marcxml:subfield>
      <marcxml:subfield code="2">localCutter</marcxml:subfield>
    </marcxml:datafield>
    <marcxml:datafield tag="856" ind1="4" ind2="2">
      <marcxml:subfield code="u">https://requests.newberry.org/aeon.dll?Action=10&amp;Form=30&amp;ReferenceNumber=370589&amp;ItemInfo1=%28OCoLC%29ocm16504428&amp;ItemTitle=Seven%20financial%20conspiracies%20which%20have%20enslaved%20the%20American%20people%20%2F&amp;ItemAuthor=Emery%2C%20Sarah%20E.%20Van%20De%20Vort%2C&amp;ItemPlace=Lansing%2C%20Mich.%20%3A&amp;ItemPublisher=R.%20Smith%20%26%20Co.%2C&amp;ItemDate=1894%2C%20c1887.&amp;ItemEdition=%5BRev.%20ed.%5D&amp;Location=General%20Collections&amp;CallNumber=H%2075%20.26%20&amp;ItemIssue=1</marcxml:subfield>
      <marcxml:subfield code="y">Request</marcxml:subfield>
    </marcxml:datafield>
  </marcxml:record>
  <marcxml:record>
    <marcxml:leader>00697cx  a22001091  4500</marcxml:leader>
    <marcxml:controlfield tag="001">375291</marcxml:controlfield>
    <marcxml:controlfield tag="003">NBYdb</marcxml:controlfield>
    <marcxml:controlfield tag="004">367589</marcxml:controlfield>
    <marcxml:controlfield tag="005">20150501221044.0</marcxml:controlfield>
    <marcxml:controlfield tag="008">0506220u||||8|||4001uu|||0000000</marcxml:controlfield>
    <marcxml:datafield tag="852" ind1="7" ind2=" ">
      <marcxml:subfield code="b">gen</marcxml:subfield>
      <marcxml:subfield code="h">H</marcxml:subfield>
      <marcxml:subfield code="i">75</marcxml:subfield>
      <marcxml:subfield code="i">.26</marcxml:subfield>
      <marcxml:subfield code="t">1</marcxml:subfield>
      <marcxml:subfield code="2">localCutter</marcxml:subfield>
    </marcxml:datafield>
    <marcxml:datafield tag="856" ind1="4" ind2="2">
      <marcxml:subfield code="u">https://requests.newberry.org/aeon.dll?Action=10&amp;Form=30&amp;ReferenceNumber=370589&amp;ItemInfo1=%28OCoLC%29ocm16504428&amp;ItemTitle=Seven%20financial%20conspiracies%20which%20have%20enslaved%20the%20American%20people%20%2F&amp;ItemAuthor=Emery%2C%20Sarah%20E.%20Van%20De%20Vort%2C&amp;ItemPlace=Lansing%2C%20Mich.%20%3A&amp;ItemPublisher=R.%20Smith%20%26%20Co.%2C&amp;ItemDate=1894%2C%20c1887.&amp;ItemEdition=%5BRev.%20ed.%5D&amp;Location=General%20Collections&amp;CallNumber=H%2075%20.26%20&amp;ItemIssue=1</marcxml:subfield>
      <marcxml:subfield code="y">Request</marcxml:subfield>
    </marcxml:datafield>
  </marcxml:record>