
  <marcxml:record>
    <marcxml:leader>01055cam a22003494a 4500</marcxml:leader>
    <marcxml:controlfield tag="001">370607</marcxml:controlfield>
    <marcxml:controlfield tag="003">NBYdb</marcxml:controlfield>
    <marcxml:controlfield tag="005">20080115002730.0</marcxml:controlfield>
    <marcxml:controlfield tag="008">990817s2000    enka     b    001 0 eng  </marcxml:controlfield>
    <marcxml:datafield tag="010" ind1=" " ind2=" ">
      <marcxml:subfield code="a">   99046013 </marcxml:subfield>
    </marcxml:datafield>
    <marcxml:datafield tag="035" ind1=" " ind2=" ">
      <marcxml:subfield code="a">(OCoLC)ocm42435002</marcxml:subfield>
    </marcxml:datafield>
    <marcxml:datafield tag="035" ind1=" " ind2=" ">
      <marcxml:subfield code="a">(NBYdb)370607</marcxml:subfield>
    </marcxml:datafield>
    <marcxml:datafield tag="040" ind1=" " ind2=" ">
      <marcxml:subfield code="a">DLC</marcxml:subfield>
      <marcxml:subfield code="c">DLC</marcxml:subfield>
      <marcxml:subfield code="d">WCM</marcxml:subfield>
      <marcxml:subfield code="d">UKM</marcxml:subfield>
      <marcxml:subfield code="d">MUQ</marcxml:subfield>
      <marcxml:subfield code="d">IBV</marcxml:subfield>
    </marcxml:datafield>
    <marcxml:datafield tag="015" ind1=" " ind2=" ">
      <marcxml:subfield code="a">GBA0-32777</marcxml:subfield>
    </marcxml:datafield>
    <marcxml:datafield tag="019" ind1=" " ind2=" ">
      <marcxml:subfield code="a">44015807</marcxml:subfield>
    </marcxml:datafield>
    <marcxml:datafield tag="020" ind1=" " ind2=" ">
      <marcxml:subfield code="a">0198162065</marcxml:subfield>
    </marcxml:datafield>
    <marcxml:datafield tag="020" ind1=" " ind2=" ">
      <marcxml:subfield code="a">0195181654 (pbk.)</marcxml:subfield>
    </marcxml:datafield>
    <marcxml:datafield tag="029" ind1="1" ind2=" ">
      <marcxml:subfield code="a">UKM</marcxml:subfield>
      <marcxml:subfield code="b">bA032777</marcxml:subfield>
    </marcxml:datafield>
    <marcxml:datafield tag="042" ind1=" " ind2=" ">
      <marcxml:subfield code="a">pcc</marcxml:subfield>
    </marcxml:datafield>
    <marcxml:datafield tag="050" ind1="0" ind2="0">
      <marcxml:subfield code="a">MT130.M25</marcxml:subfield>
      <marcxml:subfield code="b">Z93 2000</marcxml:subfield>
    </marcxml:datafield>
    <marcxml:datafield tag="082" ind1="0" ind2="0">
      <marcxml:subfield code="a">784.2/184</marcxml:subfield>
      <marcxml:subfield code="2">21</marcxml:subfield>
    </marcxml:datafield>
    <marcxml:datafield tag="049" ind1=" " ind2=" ">
      <marcxml:subfield code="a">IBVA</marcxml:subfield>
      <marcxml:subfield code="m">no</marcxml:subfield>
      <marcxml:subfield code="r">rep</marcxml:subfield>
    </marcxml:datafield>
    <marcxml:datafield tag="100" ind1="1" ind2=" ">
      <marcxml:subfield code="a">Zychowicz, James L.</marcxml:subfield>
    </marcxml:datafield>
    <marcxml:datafield tag="245" ind1="1" ind2="0">
      <marcxml:subfield code="a">Mahler's Fourth symphony /</marcxml:subfield>
      <marcxml:subfield code="c">James L. Zychowicz.</marcxml:subfield>
    </marcxml:datafield>
    <marcxml:datafield tag="260" ind1=" " ind2=" ">
      <marcxml:subfield code="a">Oxford ;</marcxml:subfield>
      <marcxml:subfield code="a">New York :</marcxml:subfield>
      <marcxml:subfield code="b">Oxford University Press,</marcxml:subfield>
      <marcxml:subfield code="c">2000.</marcxml:subfield>
    </marcxml:datafield>
    <marcxml:datafield tag="300" ind1=" " ind2=" ">
      <marcxml:subfield code="a">xiii, 191 p. :</marcxml:subfield>
      <marcxml:subfield code="b">ill. ;</marcxml:subfield>
      <marcxml:subfield code="c">23 cm.</marcxml:subfield>
    </marcxml:datafield>
    <marcxml:datafield tag="440" ind1=" " ind2="0">
      <marcxml:subfield code="a">Studies in musical genesis and structure</marcxml:subfield>
    </marcxml:datafield>
    <marcxml:datafield tag="504" ind1=" " ind2=" ">
      <marcxml:subfield code="a">Includes bibliographical references (p. [182]-188) and index.</marcxml:subfield>
    </marcxml:datafield>
    <marcxml:datafield tag="600" ind1="1" ind2="0">
      <marcxml:subfield code="a">Mahler, Gustav,</marcxml:subfield>
      <marcxml:subfield code="d">1860-1911.</marcxml:subfield>
      <marcxml:subfield code="t">Symphonies,</marcxml:subfield>
      <marcxml:subfield code="n">no. 4,</marcxml:subfield>
      <marcxml:subfield code="r">G major.</marcxml:subfield>
    </marcxml:datafield>
    <marcxml:datafield tag="910" ind1=" " ind2=" ">
      <marcxml:subfield code="a">Gift 2005 AJL</marcxml:subfield>
    </marcxml:datafield>
    <marcxml:datafield tag="994" ind1=" " ind2=" ">
      <marcxml:subfield code="a">01</marcxml:subfield>
      <marcxml:subfield code="b">IBV</marcxml:subfield>
    </marcxml:datafield>
    <marcxml:datafield tag="947" ind1=" " ind2=" ">
      <marcxml:subfield code="a">MARS</marcxml:subfield>
      <marcxml:subfield code="a">20071227</marcxml:subfield>
    </marcxml:datafield>
  </marcxml:record>
  <marcxml:record>
    <marcxml:leader>00585cx  a22001094  4500</marcxml:leader>
    <marcxml:controlfield tag="001">377309</marcxml:controlfield>
    <marcxml:controlfield tag="003">NBYdb</marcxml:controlfield>
    <marcxml:controlfield tag="004">370607</marcxml:controlfield>
    <marcxml:controlfield tag="005">20150502024110.0</marcxml:controlfield>
    <marcxml:controlfield tag="008">0506234u    8   1001uu   0901128</marcxml:controlfield>
    <marcxml:datafield tag="852" ind1="0" ind2=" ">
      <marcxml:subfield code="b">gen</marcxml:subfield>
      <marcxml:subfield code="h">MT130.M25</marcxml:subfield>
      <marcxml:subfield code="i">Z93 2000</marcxml:subfield>
      <marcxml:subfield code="t">1</marcxml:subfield>
    </marcxml:datafield>
    <marcxml:datafield tag="856" ind1="4" ind2="2">
      <marcxml:subfield code="u">https://requests.newberry.org/aeon.dll?Action=10&amp;Form=30&amp;ReferenceNumber=370607&amp;ItemInfo1=%28OCoLC%29ocm42435002&amp;ItemTitle=Mahler%27s%20Fourth%20symphony%20%2F&amp;ItemAuthor=Zychowicz%2C%20James%20L.&amp;ItemPlace=Oxford%20%3B&amp;ItemPublisher=Oxford%20University%20Press%2C&amp;ItemDate=2000.&amp;Location=General%20Collections&amp;CallNumber=MT130.M25%20Z93%202000%20&amp;ItemIssue=1</marcxml:subfield>
      <marcxml:subfield code="y">Request</marcxml:subfield>
    </marcxml:datafield>
  </marcxml:record>