
  <marcxml:record>
    <marcxml:leader>01152cam a22003494a 4500</marcxml:leader>
    <marcxml:controlfield tag="001">370627</marcxml:controlfield>
    <marcxml:controlfield tag="003">NBYdb</marcxml:controlfield>
    <marcxml:controlfield tag="005">20080115002736.0</marcxml:controlfield>
    <marcxml:controlfield tag="008">030818s2003    fr ab    b    001 0 fre c</marcxml:controlfield>
    <marcxml:datafield tag="035" ind1=" " ind2=" ">
      <marcxml:subfield code="a">(OCoLC)ocm53442238</marcxml:subfield>
    </marcxml:datafield>
    <marcxml:datafield tag="035" ind1=" " ind2=" ">
      <marcxml:subfield code="a">(NBYdb)370627</marcxml:subfield>
    </marcxml:datafield>
    <marcxml:datafield tag="040" ind1=" " ind2=" ">
      <marcxml:subfield code="a">AUXAM</marcxml:subfield>
      <marcxml:subfield code="b">eng</marcxml:subfield>
      <marcxml:subfield code="c">AUXAM</marcxml:subfield>
      <marcxml:subfield code="d">CGU</marcxml:subfield>
      <marcxml:subfield code="d">OCLCQ</marcxml:subfield>
      <marcxml:subfield code="d">TZT</marcxml:subfield>
      <marcxml:subfield code="d">IBV</marcxml:subfield>
    </marcxml:datafield>
    <marcxml:datafield tag="019" ind1=" " ind2=" ">
      <marcxml:subfield code="a">53096322</marcxml:subfield>
    </marcxml:datafield>
    <marcxml:datafield tag="020" ind1=" " ind2=" ">
      <marcxml:subfield code="a">2900122341</marcxml:subfield>
    </marcxml:datafield>
    <marcxml:datafield tag="029" ind1="1" ind2=" ">
      <marcxml:subfield code="a">TZT</marcxml:subfield>
      <marcxml:subfield code="b">JTL00116150</marcxml:subfield>
    </marcxml:datafield>
    <marcxml:datafield tag="042" ind1=" " ind2=" ">
      <marcxml:subfield code="a">pcc</marcxml:subfield>
    </marcxml:datafield>
    <marcxml:datafield tag="043" ind1=" " ind2=" ">
      <marcxml:subfield code="a">e-fr---</marcxml:subfield>
    </marcxml:datafield>
    <marcxml:datafield tag="050" ind1=" " ind2="4">
      <marcxml:subfield code="a">SD194.P42</marcxml:subfield>
      <marcxml:subfield code="b">G373 2003</marcxml:subfield>
    </marcxml:datafield>
    <marcxml:datafield tag="072" ind1=" " ind2="7">
      <marcxml:subfield code="a">DC</marcxml:subfield>
      <marcxml:subfield code="2">lcco</marcxml:subfield>
    </marcxml:datafield>
    <marcxml:datafield tag="082" ind1="1" ind2="4">
      <marcxml:subfield code="a">944</marcxml:subfield>
      <marcxml:subfield code="2">1</marcxml:subfield>
    </marcxml:datafield>
    <marcxml:datafield tag="049" ind1=" " ind2=" ">
      <marcxml:subfield code="a">IBVA</marcxml:subfield>
      <marcxml:subfield code="m">no</marcxml:subfield>
      <marcxml:subfield code="r">rep</marcxml:subfield>
    </marcxml:datafield>
    <marcxml:datafield tag="100" ind1="1" ind2=" ">
      <marcxml:subfield code="a">Garbit, Jacques,</marcxml:subfield>
      <marcxml:subfield code="d">1922-</marcxml:subfield>
    </marcxml:datafield>
    <marcxml:datafield tag="245" ind1="1" ind2="4">
      <marcxml:subfield code="a">Les Lionnais du Perche-- des scieurs de long venus du Haut-Forez :</marcxml:subfield>
      <marcxml:subfield code="b">XVIIe-XIXe siècles /</marcxml:subfield>
      <marcxml:subfield code="c">Jacques Garbit ; avec le concours du Parc naturel régional du Perche.</marcxml:subfield>
    </marcxml:datafield>
    <marcxml:datafield tag="260" ind1=" " ind2=" ">
      <marcxml:subfield code="a">Ceton :</marcxml:subfield>
      <marcxml:subfield code="b">Fédération des Amis du Perche,</marcxml:subfield>
      <marcxml:subfield code="c">2003.</marcxml:subfield>
    </marcxml:datafield>
    <marcxml:datafield tag="300" ind1=" " ind2=" ">
      <marcxml:subfield code="a">285 p. :</marcxml:subfield>
      <marcxml:subfield code="b">ill., maps ;</marcxml:subfield>
      <marcxml:subfield code="c">24 cm.</marcxml:subfield>
    </marcxml:datafield>
    <marcxml:datafield tag="504" ind1=" " ind2=" ">
      <marcxml:subfield code="a">Includes bibliographical references (p. 217-224) and index.</marcxml:subfield>
    </marcxml:datafield>
    <marcxml:datafield tag="650" ind1=" " ind2="0">
      <marcxml:subfield code="a">Foresters</marcxml:subfield>
      <marcxml:subfield code="z">France</marcxml:subfield>
      <marcxml:subfield code="z">Perche.</marcxml:subfield>
    </marcxml:datafield>
    <marcxml:datafield tag="650" ind1=" " ind2="0">
      <marcxml:subfield code="a">Migration, Internal</marcxml:subfield>
      <marcxml:subfield code="z">France</marcxml:subfield>
      <marcxml:subfield code="z">Perche.</marcxml:subfield>
    </marcxml:datafield>
    <marcxml:datafield tag="651" ind1=" " ind2="0">
      <marcxml:subfield code="a">Perche (France)</marcxml:subfield>
      <marcxml:subfield code="x">Economic conditions.</marcxml:subfield>
    </marcxml:datafield>
    <marcxml:datafield tag="910" ind1=" " ind2=" ">
      <marcxml:subfield code="a">2005062305 AJL</marcxml:subfield>
    </marcxml:datafield>
    <marcxml:datafield tag="994" ind1=" " ind2=" ">
      <marcxml:subfield code="a">01</marcxml:subfield>
      <marcxml:subfield code="b">IBV</marcxml:subfield>
    </marcxml:datafield>
    <marcxml:datafield tag="947" ind1=" " ind2=" ">
      <marcxml:subfield code="a">MARS</marcxml:subfield>
      <marcxml:subfield code="a">20071227</marcxml:subfield>
    </marcxml:datafield>
  </marcxml:record>
  <marcxml:record>
    <marcxml:leader>00688cx  a22001094  4500</marcxml:leader>
    <marcxml:controlfield tag="001">377328</marcxml:controlfield>
    <marcxml:controlfield tag="003">NBYdb</marcxml:controlfield>
    <marcxml:controlfield tag="004">370627</marcxml:controlfield>
    <marcxml:controlfield tag="005">20150502180435.0</marcxml:controlfield>
    <marcxml:controlfield tag="008">0506234u    8   1001uu   0901128</marcxml:controlfield>
    <marcxml:datafield tag="852" ind1="0" ind2=" ">
      <marcxml:subfield code="b">gen</marcxml:subfield>
      <marcxml:subfield code="h">SD194.P42</marcxml:subfield>
      <marcxml:subfield code="i">G373 2003</marcxml:subfield>
      <marcxml:subfield code="t">1</marcxml:subfield>
    </marcxml:datafield>
    <marcxml:datafield tag="856" ind1="4" ind2="2">
      <marcxml:subfield code="u">https://requests.newberry.org/aeon.dll?Action=10&amp;Form=30&amp;ReferenceNumber=370627&amp;ItemInfo1=%28OCoLC%29ocm53442238&amp;ItemTitle=Les%20Lionnais%20du%20Perche--%20des%20scieurs%20de%20long%20venus%20du%20Haut-Forez%20%3AXVIIe-XIXe%20si%C3%A8cles%20%2F&amp;ItemAuthor=Garbit%2C%20Jacques%2C&amp;ItemPlace=Ceton%20%3A&amp;ItemPublisher=F%C3%A9d%C3%A9ration%20des%20Amis%20du%20Perche%2C&amp;ItemDate=2003.&amp;Location=General%20Collections&amp;CallNumber=SD194.P42%20G373%202003%20&amp;ItemIssue=1</marcxml:subfield>
      <marcxml:subfield code="y">Request</marcxml:subfield>
    </marcxml:datafield>
  </marcxml:record>