
  <marcxml:record>
    <marcxml:leader>01286cam a2200397 a 4500</marcxml:leader>
    <marcxml:controlfield tag="001">370636</marcxml:controlfield>
    <marcxml:controlfield tag="003">NBYdb</marcxml:controlfield>
    <marcxml:controlfield tag="005">20080115002738.0</marcxml:controlfield>
    <marcxml:controlfield tag="008">030331m19922002lu       bd   001 0 fre  </marcxml:controlfield>
    <marcxml:datafield tag="035" ind1=" " ind2=" ">
      <marcxml:subfield code="a">(OCoLC)ocm28219150</marcxml:subfield>
    </marcxml:datafield>
    <marcxml:datafield tag="035" ind1=" " ind2=" ">
      <marcxml:subfield code="a">(NBYdb)370636</marcxml:subfield>
    </marcxml:datafield>
    <marcxml:datafield tag="040" ind1=" " ind2=" ">
      <marcxml:subfield code="a">NLC</marcxml:subfield>
      <marcxml:subfield code="b">fre</marcxml:subfield>
      <marcxml:subfield code="c">NLC</marcxml:subfield>
      <marcxml:subfield code="d">IND</marcxml:subfield>
      <marcxml:subfield code="d">OCLCQ</marcxml:subfield>
    </marcxml:datafield>
    <marcxml:datafield tag="016" ind1=" " ind2=" ">
      <marcxml:subfield code="a">930105745</marcxml:subfield>
    </marcxml:datafield>
    <marcxml:datafield tag="020" ind1=" " ind2=" ">
      <marcxml:subfield code="a">2503502482 (v. 1)</marcxml:subfield>
    </marcxml:datafield>
    <marcxml:datafield tag="020" ind1=" " ind2=" ">
      <marcxml:subfield code="a">2890921131 (Sciences et culture : v. 1) :</marcxml:subfield>
      <marcxml:subfield code="c">124,95 $</marcxml:subfield>
    </marcxml:datafield>
    <marcxml:datafield tag="029" ind1="0" ind2=" ">
      <marcxml:subfield code="a">NLC</marcxml:subfield>
      <marcxml:subfield code="b">930105745</marcxml:subfield>
    </marcxml:datafield>
    <marcxml:datafield tag="041" ind1="1" ind2=" ">
      <marcxml:subfield code="a">fre</marcxml:subfield>
      <marcxml:subfield code="h">ita</marcxml:subfield>
    </marcxml:datafield>
    <marcxml:datafield tag="055" ind1="0" ind2="1">
      <marcxml:subfield code="a">BV173</marcxml:subfield>
    </marcxml:datafield>
    <marcxml:datafield tag="055" ind1="0" ind2="0">
      <marcxml:subfield code="a">BV173</marcxml:subfield>
      <marcxml:subfield code="b">N8614 1992</marcxml:subfield>
    </marcxml:datafield>
    <marcxml:datafield tag="082" ind1="0" ind2=" ">
      <marcxml:subfield code="a">264/.003</marcxml:subfield>
      <marcxml:subfield code="2">20</marcxml:subfield>
    </marcxml:datafield>
    <marcxml:datafield tag="090" ind1=" " ind2=" ">
      <marcxml:subfield code="a">BV173</marcxml:subfield>
      <marcxml:subfield code="b">.N8614 1992</marcxml:subfield>
    </marcxml:datafield>
    <marcxml:datafield tag="049" ind1=" " ind2=" ">
      <marcxml:subfield code="a">Ref</marcxml:subfield>
    </marcxml:datafield>
    <marcxml:datafield tag="130" ind1="0" ind2=" ">
      <marcxml:subfield code="a">Nuovo dizionario di liturgia.</marcxml:subfield>
      <marcxml:subfield code="l">French.</marcxml:subfield>
    </marcxml:datafield>
    <marcxml:datafield tag="245" ind1="0" ind2="0">
      <marcxml:subfield code="a">Dictionnaire encyclopedique de la liturgie /</marcxml:subfield>
      <marcxml:subfield code="c">sous la direction de Domenico Sartore et Achille M. Triacca ; adaptation franc̜&lt;U+00bf&gt;&lt;U+00bf&gt;£ise sous la direction d'Henri Delhougne.</marcxml:subfield>
    </marcxml:datafield>
    <marcxml:datafield tag="260" ind1=" " ind2=" ">
      <marcxml:subfield code="a">[Turnhout, Belgium] :</marcxml:subfield>
      <marcxml:subfield code="b">Brepols,</marcxml:subfield>
      <marcxml:subfield code="c">c1992-c2002.</marcxml:subfield>
    </marcxml:datafield>
    <marcxml:datafield tag="300" ind1=" " ind2=" ">
      <marcxml:subfield code="a">2 v. ;</marcxml:subfield>
      <marcxml:subfield code="c">24 cm.</marcxml:subfield>
    </marcxml:datafield>
    <marcxml:datafield tag="500" ind1=" " ind2=" ">
      <marcxml:subfield code="a">Translation of: Nuovo dizionario di liturgia.</marcxml:subfield>
    </marcxml:datafield>
    <marcxml:datafield tag="500" ind1=" " ind2=" ">
      <marcxml:subfield code="a">Includes index.</marcxml:subfield>
    </marcxml:datafield>
    <marcxml:datafield tag="505" ind1="0" ind2=" ">
      <marcxml:subfield code="a">v. 1.  A-L -- v. 2.  M-Z.</marcxml:subfield>
    </marcxml:datafield>
    <marcxml:datafield tag="650" ind1=" " ind2="0">
      <marcxml:subfield code="a">Liturgics</marcxml:subfield>
      <marcxml:subfield code="v">Dictionaries</marcxml:subfield>
      <marcxml:subfield code="x">French.</marcxml:subfield>
    </marcxml:datafield>
    <marcxml:datafield tag="700" ind1="1" ind2=" ">
      <marcxml:subfield code="a">Sartore, Domenico.</marcxml:subfield>
    </marcxml:datafield>
    <marcxml:datafield tag="700" ind1="1" ind2=" ">
      <marcxml:subfield code="a">Triacca, Achille M.</marcxml:subfield>
    </marcxml:datafield>
    <marcxml:datafield tag="700" ind1="1" ind2=" ">
      <marcxml:subfield code="a">Delhougne, Henri.</marcxml:subfield>
    </marcxml:datafield>
    <marcxml:datafield tag="910" ind1=" " ind2=" ">
      <marcxml:subfield code="a">2005062305/JFC</marcxml:subfield>
    </marcxml:datafield>
    <marcxml:datafield tag="994" ind1=" " ind2=" ">
      <marcxml:subfield code="a">C0</marcxml:subfield>
      <marcxml:subfield code="b">IBV</marcxml:subfield>
    </marcxml:datafield>
    <marcxml:datafield tag="947" ind1=" " ind2=" ">
      <marcxml:subfield code="a">MARS</marcxml:subfield>
      <marcxml:subfield code="a">20071227</marcxml:subfield>
    </marcxml:datafield>
  </marcxml:record>
  <marcxml:record>
    <marcxml:leader>00231cx  a22001094  4500</marcxml:leader>
    <marcxml:controlfield tag="001">377337</marcxml:controlfield>
    <marcxml:controlfield tag="003">NBYdb</marcxml:controlfield>
    <marcxml:controlfield tag="004">370636</marcxml:controlfield>
    <marcxml:controlfield tag="005">20060331075545.0</marcxml:controlfield>
    <marcxml:controlfield tag="008">0506234u    8   1001uu   0901128</marcxml:controlfield>
    <marcxml:datafield tag="852" ind1="0" ind2=" ">
      <marcxml:subfield code="b">ref</marcxml:subfield>
      <marcxml:subfield code="k">Ref</marcxml:subfield>
      <marcxml:subfield code="h">BV173</marcxml:subfield>
      <marcxml:subfield code="i">.N8614 1992</marcxml:subfield>
      <marcxml:subfield code="t">1</marcxml:subfield>
    </marcxml:datafield>
    <marcxml:datafield tag="866" ind1=" " ind2="0">
      <marcxml:subfield code="8">0</marcxml:subfield>
      <marcxml:subfield code="a">v.1-v.2</marcxml:subfield>
    </marcxml:datafield>
  </marcxml:record>
</marcxml:collection>
